@incollection{separation-logic,
    author={Peter W. O’Hearn},
    title={Lógica de Separación},
    booktitle={A Primer on Separation Logic (and Automatic Program Verification and Analysis)},
    year={2012},
    url={http://www0.cs.ucl.ac.uk/staff/p.ohearn/papers/Marktoberdorf11LectureNotes.pdf},
    urldate={2016-02-06}
}


^ Reynolds, John C. (1999). "Intuitionistic Reasoning about Shared Mutable Data Structure". In Davies, Jim; Roscoe, Bill; Woodcock, Jim. Millennial Perspectives in Computer Science, Proceedings of the 1999 Oxford–Microsoft Symposium in Honour of Sir Tony Hoare. Palgrave.

^ Jump up to: a b Ishtiaq, Samin; O'Hearn, Peter (2001). "BI as an Assertion Language for Mutable Data Structures". POPL. ACM.
Jump up 


^ O'Hearn, Peter; Reynolds, John C.; Yang, Hongseok (2001). "Local Reasoning about Programs that Alter Data Structures". CSL.